<record><leader>00000cas a22000007a 4500</leader><controlfield tag="001">14865810</controlfield><controlfield tag="008">861124d18951895inuwr ne      0    0eng d</controlfield><datafield ind1=" " ind2=" " tag="010"><subfield code="a">sn 86059171 </subfield></datafield><datafield ind1=" " ind2=" " tag="040"><subfield code="a">NPI</subfield><subfield code="b">eng</subfield><subfield code="c">NPI</subfield><subfield code="d">NSD</subfield><subfield code="d">OCLCQ</subfield><subfield code="d">IUL</subfield></datafield><datafield ind1=" " ind2=" " tag="042"><subfield code="a">msc</subfield></datafield><datafield ind1=" " ind2=" " tag="043"><subfield code="a">n-us-in</subfield></datafield><datafield ind1="0" ind2=" " tag="130"><subfield code="a">Up to date (Brook, Ind.)</subfield></datafield><datafield ind1="1" ind2="0" tag="245"><subfield code="a">Up to date.</subfield></datafield><datafield ind1=" " ind2=" " tag="260"><subfield code="a">Brook, Ind. :</subfield><subfield code="b">W. Hammond Robertson,</subfield><subfield code="c">1895.</subfield></datafield><datafield ind1=" " ind2=" " tag="300"><subfield code="a">1 volume</subfield></datafield><datafield ind1=" " ind2=" " tag="310"><subfield code="a">Weekly</subfield></datafield><datafield ind1="0" ind2=" " tag="362"><subfield code="a">Vol. 1, no. 1 (May 3, 1895)-v. 1, no. 23 (Oct. 4, 1895).</subfield></datafield><datafield ind1=" " ind2="0" tag="651"><subfield code="a">Brook (Ind.)</subfield><subfield code="v">Newspapers.</subfield></datafield><datafield ind1=" " ind2="0" tag="651"><subfield code="a">Newton County (Ind.)</subfield><subfield code="v">Newspapers.</subfield></datafield><datafield ind1=" " ind2=" " tag="752"><subfield code="a">United States</subfield><subfield code="b">Indiana</subfield><subfield code="c">Newton</subfield><subfield code="d">Brook.</subfield></datafield><datafield ind1="0" ind2="0" tag="785"><subfield code="t">Brook reporter</subfield><subfield code="x">1060-524X</subfield><subfield code="w">(DLC)sn 86059172</subfield><subfield code="w">(OCoLC)14866840</subfield></datafield></record>